% This file was created with JabRef 2.6b3.
% Encoding: GBK

@article{kak1979computerized,
  title={Computerized tomography with X-ray, emission, and ultrasound sources},
  author={Kak, Avinash C},
  journal={Proceedings of the IEEE},
  volume={67},
  number={9},
  pages={1245--1272},
  year={1979},
  publisher={IEEE}
}
@article{radon1986,
  title={On the determination of functions from their integral values along certain manifolds},
  author={Radon, Johann},
  journal={Medical Imaging, IEEE Transactions on},
  volume={5},
  number={4},
  pages={170--176},
  year={1986},
  publisher={IEEE}
}
@article{dobbins2003digital,
  title={Digital x-ray tomosynthesis: current state of the art and clinical potential},
  author={Dobbins III, James T and Godfrey, Devon J},
  journal={Physics in medicine and biology},
  volume={48},
  number={19},
  pages={R65},
  year={2003},
  publisher={IOP Publishing}
}
@book{boyd2004convex,
  title={Convex optimization},
  author={Boyd, Stephen and Vandenberghe, Lieven},
  year={2004},
  publisher={Cambridge university press}
}
@book{nesterov2003,
  title={Introductory lectures on convex optimization: A basic course},
  author={Nesterov, Yurii},
  volume={87},
  year={2003},
  publisher={Springer}
}
@article{jiang2003convergence,
  title={Convergence of the simultaneous algebraic reconstruction technique (SART)},
  author={Jiang, Ming and Wang, Ge},
  journal={Image Processing, IEEE Transactions on},
  volume={12},
  number={8},
  pages={957--961},
  year={2003},
  publisher={IEEE}
}
@book{bracewell1986fourier,
  title={The Fourier transform and its applications},
  author={Bracewell, Ronald Newbold and Bracewell, RN},
  volume={31999},
  year={1986},
  publisher={McGraw-Hill New York}
}
@article{de1968reconstruction,
  title={Reconstruction of three dimensional structures from electron micrographs},
  author={De Rosier, DJ and Klug, A},
  journal={Nature},
  volume={217},
  pages={130--134},
  year={1968}
}
@article{smith1973image,
  title={Image reconstruction from finite numbers of projections},
  author={Smith, PR and Peters, TM and Bates, RHT},
  journal={Journal of Physics A: Mathematical, Nuclear and General},
  volume={6},
  number={3},
  pages={361},
  year={1973},
  publisher={IOP Publishing}
}
@article{gordon1970algebraic,
  title={Algebraic reconstruction techniques (ART) for three-dimensional electron microscopy and X-ray photography},
  author={Gordon, Richard and Bender, Robert and Herman, Gabor T},
  journal={Journal of theoretical Biology},
  volume={29},
  number={3},
  pages={471--481},
  year={1970},
  publisher={Elsevier}
}
@article{andersen1984simultaneous,
  title={Simultaneous algebraic reconstruction technique (SART): a superior implementation of the ART algorithm},
  author={Andersen, AH and Kak, AC},
  journal={Ultrasonic imaging},
  volume={6},
  number={1},
  pages={81--94},
  year={1984},
  publisher={Elsevier}
}
@article{shepp1974fourier,
  title={The Fourier reconstruction of a head section},
  author={Shepp, Lawrence A and Logan, Benjamin F},
  journal={IEEE Trans. Nucl. Sci},
  volume={21},
  number={3},
  pages={21--43},
  year={1974}
}
@article{foley1990computer,
  title={Computer graphics: principles and practice},
  author={Foley, JD and Dam, A van and Feiner, SK},
  journal={Systems programming series},
  year={1990},
  publisher={Reading [etc.]: Addison-Wesley}
}
@article{smith1977practical,
  title={Practical and mathematical aspects of the problem of reconstructing objects from radiographs},
  author={Smith, Kennan T and Solmon, Donald C and Wagner, Sheldon L},
  journal={Bulletin of the American Mathematical Society},
  volume={83},
  number={6},
  pages={1227--1270},
  year={1977}
}
@book{herman2009fundamentals,
  title={Fundamentals of computerized tomography: image reconstruction from projections},
  author={Herman, Gabor T},
  year={2009},
  publisher={Springer}
}
@article{herman1976iterative,
  title={Iterative reconstruction algorithms},
  author={Herman, Gabor T and Lent, Arnold},
  journal={Computers in biology and medicine},
  volume={6},
  number={4},
  pages={273--294},
  year={1976},
  publisher={Elsevier}
}
@article{andersen1982digital,
  title={Digital ray tracing in two-dimensional refractive fields},
  author={Andersen, AH and Kak, AC},
  journal={The Journal of the Acoustical Society of America},
  volume={72},
  number={5},
  pages={1593--1606},
  year={1982}
}
@article{gordon1974tutorial,
  title={A Tutorial on ART (Algebraic Reconstruction Techniques},
  author={Gordon, Richard},
  journal={IEEE Trans. Nucl. Sci. NS-21},
  number={3},
  pages={78--93},
  year={1974}
}
@article{herman1973art,
  title={ART: Mathematics and applications: a report on the mathematical foundations and on the applicability to real data of the algebraic reconstruction techniques},
  author={Herman, Gabor T and Lent, Arnold and Rowland, Stuart W},
  journal={Journal of Theoretical Biology},
  volume={42},
  number={1},
  pages={1--32},
  year={1973},
  publisher={Elsevier}
}
